@techreport{digicomp17,
  author={Stephanie Carretero and Riina Vuorikari and Yves Punie},
  title={DigComp 2.1: The Digital Competence Framework for Citizens with eight proficiency levels and examples of use},
  year={2017},
  institution={Joint Research Centre (Seville site)},
  type={JRC Working Papers},
  url={https://ideas.repec.org/p/ipt/iptwpa/jrc106281.html},
  isbn={978-92-79-68006-9}
}

@techreport{workshop16,
  author={Kirk D. Borne and Hunter Whitney and Deborah Boisvert},
  title={Building Global Interest in Data Literacy: A Dialogue},
  year={2016},
  institution={Education Development Center Oceans of Data Institute},
  type={Workshop Report},
  doi={10.13140/RG.2.1.1271.0006},
}

@techreport{ecdl17,
  author={ECDL-CZ},
  title={ECDL / ICDL Data Analytics SYLABUS 1.0 (AM8)},
  year={2020},
  institution={ICDL Foundation Ltd},
  type={Sylabus},
  url={www.ecdl.cz},
}



